
@book{myers2011,
  author    = {Glenford J. Myers and Corey Sandler and Tom Badgett},
  title     = {The Art of Software Testing},
  publisher = {Wiley},
  year      = {2011}
}

@book{meszaros2007,
  author    = {Gerard Meszaros},
  title     = {xUnit Test Patterns: Refactoring Test Code},
  publisher = {Addison-Wesley},
  year      = {2007}
}

@book{fowler2018,
  author    = {Martin Fowler},
  title     = {Refactoring: Improving the Design of Existing Code},
  publisher = {Addison-Wesley},
  year      = {2018}
}

@book{koranne2010,
  author    = {Sundeep Koranne},
  title     = {Handbook of Open Source Tools},
  publisher = {Springer},
  year      = {2010}
}

@book{cohn2009,
  author    = {Mike Cohn},
  title     = {Succeeding with Agile: Software Development Using Scrum},
  publisher = {Addison-Wesley},
  year      = {2009}
}

@online{selenium2023,
  author    = {Selenium},
  title     = {Selenium Official Website},
  year      = {2023},
  url       = {https://www.selenium.dev/}
}

@online{testim2023,
  author    = {Testim},
  title     = {How AI is Transforming Automated Testing},
  year      = {2023},
  url       = {https://www.testim.io/}
}

@book{kaner2002,
  author    = {Cem Kaner and Jack Falk and Hung Quoc Nguyen},
  title     = {Testing Computer Software},
  publisher = {Wiley},
  year      = {2002}
}

@book{black2009,
  author    = {Rex Black},
  title     = {Managing the Testing Process},
  publisher = {Wiley},
  year      = {2009}
}

@book{fewster1999,
  author    = {Mark Fewster and Dorothy Graham},
  title     = {Software Test Automation},
  publisher = {Addison-Wesley},
  year      = {1999}
}

@book{whittaker2000,
  author    = {James A. Whittaker},
  title     = {What is Software Testing? And Why Is It So Hard?},
  publisher = {Addison-Wesley},
  year      = {2000}
}

@article{eck2020,
  author    = {Eck, Mario and Zimmermann, Roger and Garlan, David},
  title     = {Self-Healing Systems: Fundamentals and Approaches},
  journal   = {Journal of Software Engineering},
  year      = {2020},
  volume    = {35},
  number    = {4},
  pages     = {301--320}
}

@article{zimmermann2019,
  author    = {Zimmermann, Roger and Harman, Mark},
  title     = {Improving Self-Healing in Test Automation},
  journal   = {IEEE Transactions on Software Engineering},
  year      = {2019},
  volume    = {45},
  number    = {2},
  pages     = {112--125}
}

@article{harman2012,
  author    = {Harman, Mark and Clark, John A.},
  title     = {Search-Based Software Engineering for Self-Healing Systems},
  journal   = {ACM Computing Surveys},
  year      = {2012},
  volume    = {44},
  number    = {3},
  pages     = {1--31}
}

@article{lemos2020,
  author    = {De Lemos, Rogério and Garlan, David and Ghezzi, Carlo},
  title     = {Software Engineering for Self-Adaptive Systems},
  journal   = {Springer},
  year      = {2020},
  volume    = {104},
  pages     = {37--55}
}

@article{camara2019,
  author    = {Camara, Javier and Lemos, Rogério},
  title     = {Analyzing the Adaptation Dynamics of Self-Healing Systems},
  journal   = {Software Quality Journal},
  year      = {2019},
  volume    = {27},
  number    = {5},
  pages     = {645--674}
}

@book{lewis2010,
  author    = {John Lewis and William Loftus},
  title     = {Java Software Solutions: Foundations of Program Design},
  publisher = {Pearson},
  year      = {2010}
}

@book{mitchell1997,
  author    = {Tom M. Mitchell},
  title     = {Machine Learning},
  publisher = {McGraw-Hill Education},
  year      = {1997}
}

@book{goodfellow2016,
  author    = {Ian Goodfellow and Yoshua Bengio and Aaron Courville},
  title     = {Deep Learning},
  publisher = {MIT Press},
  year      = {2016}
}

@article{garlan2004,
  author    = {Garlan, David and Cheng, Shang-Wen and Huang, Bradley Schmerl},
  title     = {Software Architecture-Based Self-Adaptation},
  journal   = {ACM Transactions on Autonomous and Adaptive Systems},
  year      = {2004},
  volume    = {8},
  number    = {1},
  pages     = {21--28}
}
