@article{author2020title,
  title={Название статьи},
  author={Фамилия, Имя},
  journal={Название журнала},
  volume={10},
  number={2},
  pages={123-456},
  year={2020},
  publisher={Издательство}
}